<Document xmlns:xsi="http://www.w3.org/2001/XMLSchema-instance" xmlns="urn:iso:std:iso:20022:tech:xsd:camt.052.001.02">
	<BkToCstmrAcctRpt>
		<GrpHdr>
			<MsgId>521879188</MsgId>
			<CreDtTm>2019-03-06T08:52:24.759+01:00</CreDtTm>
		</GrpHdr>
		<Rpt>
			<Id>521879188</Id>
			<ElctrncSeqNb>236</ElctrncSeqNb>
			<CreDtTm>2019-03-06T08:52:24.759+01:00</CreDtTm>
			<Acct>
				<Id>
					<IBAN>DE51250400903312345678</IBAN>
				</Id>
				<Ccy>EUR</Ccy>
				<Svcr>
					<FinInstnId>
						<BIC>XBANDECG</BIC>
					</FinInstnId>
				</Svcr>
			</Acct>
			<Bal>
				<Tp>
					<CdOrPrtry>
						<Cd>CLBD</Cd>
					</CdOrPrtry>
				</Tp>
				<Amt Ccy="EUR">123</Amt>
				<CdtDbtInd>CRDT</CdtDbtInd>
				<Dt>
					<Dt>2019-01-01</Dt>
				</Dt>
			</Bal>
			<Ntry>
				<Amt Ccy="EUR">14142.93</Amt>
				<CdtDbtInd>CRDT</CdtDbtInd>
				<Sts>BOOK</Sts>
				<BookgDt>
					<Dt>2019-03-06</Dt>
				</BookgDt>
				<ValDt>
					<Dt>2019-03-06</Dt>
				</ValDt>
				<AcctSvcrRef>SEP-03-06-201902</AcctSvcrRef>
				<BkTxCd>
					<Domn>
						<Cd>PMNT</Cd>
						<Fmly>
							<Cd>RCDT</Cd>
							<SubFmlyCd>ESCT</SubFmlyCd>
						</Fmly>
					</Domn>
					<Prtry>
						<Cd>NTRF+166</Cd>
						<Issr>ZKA</Issr>
					</Prtry>
				</BkTxCd>
				<NtryDtls>
					<TxDtls>
						<Refs>
							<AcctSvcrRef>SEP-03-06-201902</AcctSvcrRef>
							<EndToEndId>0000046646</EndToEndId>
						</Refs>
						<AmtDtls>
							<TxAmt>
								<Amt Ccy="EUR">14142.93</Amt>
							</TxAmt>
						</AmtDtls>
						<RltdPties>
							<Dbtr>
								<Nm>L-SHOP-TEAM GMBH</Nm>
							</Dbtr>
							<DbtrAcct>
								<Id>
									<IBAN>DE88250400900085213697</IBAN>
								</Id>
							</DbtrAcct>
						</RltdPties>
						<RmtInf>
							<Ustrd>SIEHE BEGLEITSCHREIBEN 05.03.2019</Ustrd>
						</RmtInf>
					</TxDtls>
				</NtryDtls>
				<AddtlNtryInf>SIEHE BEGLEITSCHREIBEN 05.03.2019</AddtlNtryInf>
			</Ntry>
			<Ntry>
				<Amt Ccy="EUR">53.75</Amt>
				<CdtDbtInd>CRDT</CdtDbtInd>
				<Sts>BOOK</Sts>
				<BookgDt>
					<Dt>2019-03-06</Dt>
				</BookgDt>
				<ValDt>
					<Dt>2019-03-06</Dt>
				</ValDt>
				<AcctSvcrRef>SEP-03-06-201909</AcctSvcrRef>
				<BkTxCd>
					<Domn>
						<Cd>PMNT</Cd>
						<Fmly>
							<Cd>RCDT</Cd>
							<SubFmlyCd>ESCT</SubFmlyCd>
						</Fmly>
					</Domn>
					<Prtry>
						<Cd>NTRF+166</Cd>
						<Issr>ZKA</Issr>
					</Prtry>
				</BkTxCd>
				<NtryDtls>
					<TxDtls>
						<Refs>
							<AcctSvcrRef>SEP-03-06-201909</AcctSvcrRef>
							<EndToEndId>/VS348098/SS/KS</EndToEndId>
						</Refs>
						<AmtDtls>
							<TxAmt>
								<Amt Ccy="EUR">53.75</Amt>
							</TxAmt>
						</AmtDtls>
						<RltdPties>
							<Dbtr>
								<Nm>KONTUR, S.R.O.</Nm>
							</Dbtr>
							<DbtrAcct>
								<Id>
									<IBAN>DE88250400900085213697</IBAN>
								</Id>
							</DbtrAcct>
						</RltdPties>
					</TxDtls>
				</NtryDtls>
				<AddtlNtryInf>NAME ORIGINATOR</AddtlNtryInf>
			</Ntry>
			<Ntry>
				<Amt Ccy="EUR">381.60</Amt>
				<CdtDbtInd>CRDT</CdtDbtInd>
				<Sts>BOOK</Sts>
				<BookgDt>
					<Dt>2019-03-06</Dt>
				</BookgDt>
				<ValDt>
					<Dt>2019-03-06</Dt>
				</ValDt>
				<AcctSvcrRef>SEP-03-06-201945</AcctSvcrRef>
				<BkTxCd>
					<Domn>
						<Cd>PMNT</Cd>
						<Fmly>
							<Cd>RCDT</Cd>
							<SubFmlyCd>ESCT</SubFmlyCd>
						</Fmly>
					</Domn>
					<Prtry>
						<Cd>NTRF+166</Cd>
						<Issr>ZKA</Issr>
					</Prtry>
				</BkTxCd>
				<NtryDtls>
					<TxDtls>
						<Refs>
							<AcctSvcrRef>SEP-03-06-201945</AcctSvcrRef>
							<EndToEndId>003320190306OEM0201902380851</EndToEndId>
						</Refs>
						<AmtDtls>
							<TxAmt>
								<Amt Ccy="EUR">381.60</Amt>
							</TxAmt>
						</AmtDtls>
						<RltdPties>
							<Dbtr>
								<Nm>Micky Mouse</Nm>
							</Dbtr>
							<DbtrAcct>
								<Id>
									<IBAN>DE88250400900085213697</IBAN>
								</Id>
							</DbtrAcct>
						</RltdPties>
						<RmtInf>
							<Ustrd>INV 3347993 ENERRE</Ustrd>
						</RmtInf>
					</TxDtls>
				</NtryDtls>
				<AddtlNtryInf>NAME ORIGINATOR Micky Mouse</AddtlNtryInf>
			</Ntry>
			<Ntry>
				<Amt Ccy="EUR">7537.02</Amt>
				<CdtDbtInd>CRDT</CdtDbtInd>
				<Sts>BOOK</Sts>
				<BookgDt>
					<Dt>2019-03-06</Dt>
				</BookgDt>
				<ValDt>
					<Dt>2019-03-06</Dt>
				</ValDt>
				<AcctSvcrRef>SEP-03-06-201933</AcctSvcrRef>
				<BkTxCd>
					<Domn>
						<Cd>PMNT</Cd>
						<Fmly>
							<Cd>RCDT</Cd>
							<SubFmlyCd>ESCT</SubFmlyCd>
						</Fmly>
					</Domn>
					<Prtry>
						<Cd>NTRF+166</Cd>
						<Issr>ZKA</Issr>
					</Prtry>
				</BkTxCd>
				<NtryDtls>
					<TxDtls>
						<Refs>
							<AcctSvcrRef>SEP-03-06-201933</AcctSvcrRef>
							<EndToEndId>OLPAYMENTTAN.1.56230</EndToEndId>
						</Refs>
						<AmtDtls>
							<TxAmt>
								<Amt Ccy="EUR">7537.02</Amt>
							</TxAmt>
						</AmtDtls>
						<RltdPties>
							<Dbtr>
								<Nm>Minni Mouse</Nm>
							</Dbtr>
							<DbtrAcct>
								<Id>
									<IBAN>DE88250400900085213697</IBAN>
								</Id>
							</DbtrAcct>
						</RltdPties>
						<RmtInf>
							<Ustrd>348525,  7.369,51,348573,    167,51</Ustrd>
						</RmtInf>
					</TxDtls>
				</NtryDtls>
				<AddtlNtryInf>NAME ORIGINATOR Minni Mouse </AddtlNtryInf>
			</Ntry>
		</Rpt>
	</BkToCstmrAcctRpt>
</Document>