<?xml version="1.0" encoding="UTF-8"?>
<Document xmlns="urn:iso:std:iso:20022:tech:xsd:camt.052.001.02" xmlns:xsi="http://www.w3.org/2001/XMLSchema-instance"
          xsi:schemaLocation="urn:iso:std:iso:20022:tech:xsd:camt.052.001.02 camt.052.001.02.xsd">
    <BkToCstmrAcctRpt>
        <GrpHdr>
            <MsgId>camt52_20210825165003__ONLINEBA</MsgId>
            <CreDtTm>2021-08-25T16:50:03+01:00</CreDtTm>
            <MsgPgntn>
                <PgNb>1</PgNb>
                <LastPgInd>true</LastPgInd>
            </MsgPgntn>
        </GrpHdr>
        <Rpt>
            <Id>camt052_ONLINEBA</Id>
            <ElctrncSeqNb>00000</ElctrncSeqNb>
            <CreDtTm>2021-08-25T16:50:03+01:00</CreDtTm>
            <Acct>
                <Id>
                    <IBAN>DE03763500001061601894</IBAN>
                </Id>
                <Ccy>EUR</Ccy>
                <Svcr>
                    <FinInstnId>
                        <BIC>BYLADEM1ERH</BIC>
                        <Nm>SPARKASSE ERLANGEN</Nm>
                        <Othr>
                            <Id>DE132508095</Id>
                            <Issr>UmsStId</Issr>
                        </Othr>
                    </FinInstnId>
                </Svcr>
            </Acct>
            <Bal>
                <Tp>
                    <CdOrPrtry>
                        <Cd>PRCD</Cd>
                    </CdOrPrtry>
                </Tp>
                <Amt Ccy="EUR">0.00</Amt>
                <CdtDbtInd>DBIT</CdtDbtInd>
                <Dt>
                    <Dt>2021-08-16</Dt>
                </Dt>
            </Bal>
            <Bal>
                <Tp>
                    <CdOrPrtry>
                        <Cd>CLBD</Cd>
                    </CdOrPrtry>
                </Tp>
                <Amt Ccy="EUR">1.00</Amt>
                <CdtDbtInd>CRDT</CdtDbtInd>
                <Dt>
                    <Dt>2021-08-17</Dt>
                </Dt>
            </Bal>
            <Ntry>
                <Amt Ccy="EUR">1.00</Amt>
                <CdtDbtInd>CRDT</CdtDbtInd>
                <Sts>BOOK</Sts>
                <BookgDt>
                    <Dt>2021-08-17</Dt>
                </BookgDt>
                <ValDt>
                    <Dt>2021-08-17</Dt>
                </ValDt>
                <AcctSvcrRef>NONREF</AcctSvcrRef>
                <BkTxCd/>
                <NtryDtls>
                    <TxDtls>
                        <Refs>
                            <Prtry>
                                <Tp>FI-UMSATZ-ID</Tp>
                                <Ref>2021-08-17-07.55.10.311717</Ref>
                            </Prtry>
                        </Refs>
                        <BkTxCd>
                            <Prtry>
                                <Cd>NTRF+166+9201+000</Cd>
                                <Issr>DK</Issr>
                            </Prtry>
                        </BkTxCd>
                        <RltdPties>
                            <Dbtr>
                                <Nm>VASYA PUPKIN</Nm>
                            </Dbtr>
                            <DbtrAcct>
                                <Id>
                                    <IBAN>DE38120300001069367801</IBAN>
                                </Id>
                            </DbtrAcct>
                            <Cdtr>
                                <Nm>HANS MUELLER</Nm>
                            </Cdtr>
                            <CdtrAcct>
                                <Id>
                                    <IBAN>DE03763500001061601894</IBAN>
                                </Id>
                            </CdtrAcct>
                        </RltdPties>
                        <RltdAgts>
                            <DbtrAgt>
                                <FinInstnId>
                                    <BIC>BYLADEM1001</BIC>
                                </FinInstnId>
                            </DbtrAgt>
                            <CdtrAgt>
                                <FinInstnId>
                                    <BIC>BYLADEM1ERH</BIC>
                                </FinInstnId>
                            </CdtrAgt>
                        </RltdAgts>
                        <RmtInf>
                            <Ustrd>sparkasse replenishment</Ustrd>
                        </RmtInf>
                    </TxDtls>
                </NtryDtls>
                <AddtlNtryInf>GUTSCHR. UEBERWEISUNG</AddtlNtryInf>
            </Ntry>
        </Rpt>
    </BkToCstmrAcctRpt>
</Document>